@online{devsecops,
  author = {Git{H}ub},
  title  = {Git{H}ub {A}dvanced {S}ecurity},
  url    = {https://docs.github.com/en/get-started/learning-about-github/about-github-advanced-security}
}
